<record><leader>00000cas a22000007a 4500</leader><controlfield tag="001">15123396</controlfield><controlfield tag="008">870128d192819uuinuwr ne      0    0eng d</controlfield><datafield ind1=" " ind2=" " tag="010"><subfield code="a">sn 87055200 </subfield></datafield><datafield ind1=" " ind2=" " tag="040"><subfield code="a">NPI</subfield><subfield code="b">eng</subfield><subfield code="c">NPI</subfield><subfield code="d">OCLCQ</subfield></datafield><datafield ind1=" " ind2=" " tag="042"><subfield code="a">msc</subfield></datafield><datafield ind1="0" ind2=" " tag="130"><subfield code="a">Otterbein news (Otterbein, Ind. : 1928)</subfield></datafield><datafield ind1="1" ind2="4" tag="245"><subfield code="a">The Otterbein news.</subfield></datafield><datafield ind1=" " ind2=" " tag="260"><subfield code="a">Otterbein, Ind. :</subfield><subfield code="b">Perry G. Davis,</subfield><subfield code="c">1928-</subfield></datafield><datafield ind1=" " ind2=" " tag="310"><subfield code="a">Weekly</subfield></datafield><datafield ind1="0" ind2=" " tag="362"><subfield code="a">Vol. 1, no. 1 (Dec. 8, 1928)-</subfield></datafield><datafield ind1=" " ind2=" " tag="500"><subfield code="a">Otterbein is in both Benton and Tippecanoe counties.</subfield></datafield><datafield ind1=" " ind2=" " tag="752"><subfield code="a">United States</subfield><subfield code="b">Indiana</subfield><subfield code="c">Benton</subfield><subfield code="d">Otterbein.</subfield></datafield><datafield ind1=" " ind2=" " tag="752"><subfield code="a">United States</subfield><subfield code="b">Indiana</subfield><subfield code="c">Tippecanoe</subfield><subfield code="d">Otterbein.</subfield></datafield></record>